@book{Sartre,
  title     = {Being and Nothingness},
  origtitle = {L'Être et le Néant: Essai d'ontologie phénoménologique},
  language  = {English},
  origlanguage = {French},
  subtitle  = {An Essay in Phenomenological Ontology},
  author    = {Jean-Paul Sartre},
  translator= {Sarah Richmond},
  foreword  = {Richard Moran},
  introduction = {Sarah Richmond},
  publisher = {Washington Square Press},
  origpublisher = {Éditions Gallimard},
  location  = {New York},
  isbn      = {978-1-9821-0544-0},
  date      = {2021-09-01},
  origdate  = {1943-01-01},
  url       = {https://www.simonandschuster.com/books/Being-and-Nothingness/Jean-Paul-Sartre/9781982105440}
}

@book{Heidegger,
  title     = {Introduction to Metaphysics},
  origtitle = {Einführung in die Metaphysik},
  language  = {English},
  origlanguage = {German},
  subtitle  = {New translation by Gregory Fried and Richard Polt},
  author    = {Martin Heidegger},
  translator= {Gregory Fried and Richard Polt},
  publisher = {Yale University Press},
  origpublisher = {Max Niemeyer Verlag},
  location  = {Connecticut},
  isbn           = {0-300-08328-9},
  date      = {2000-08-11},
  origdate  = {1935},
  url       = {https://yalebooks.yale.edu/book/9780300083286/introduction-metaphysics}
}

@book{Aristotle,
  title     = {Nicomachean Ethics},
  language  = {English},
  origlanguage = {Greek},
  author    = {Aristotle},
  translator = {Roger Crisp},
  editor    = {Roger Crisp},
  publisher = {Cambridge University Press},
  location  = {Cambridge},
  isbn      = {0-521-63546-2},
  date      = {2000},
  series    = {Cambridge Texts in the History of Philosophy},
  doi       = {10.1017/CBO9780511802058},
  url       = {https://www.cambridge.org/core/books/aristotle-nicomachean-ethics/C2E5B105977CA6384FF8088CDBA0B90D}
}